@book{bib:GPUGems2,
 author = {Pharr, Matt and Fernando, Randima},
 title = {GPU Gems 2: Programming Techniques for High-Performance Graphics and General-Purpose Computation (Gpu Gems)},
 year = {2005},
 isbn = {0321335597},
 publisher = {Addison-Wesley Professional},
} 

@InCollection{bib:openglinsightsvoxel,
  author = {Cyril Crassin and Simon Green},
  title = {Octree-Based Sparese Voxelization Using the GPU Hardware Rasterizer},
  booktitle = {{O}pen{GL} {I}nsights},
  pages = {303-319},
  editor = {Patrick Cozzi and Christophe Riccio},
  month = {July},
  year = {2012},
  isbn = {978-1439893760},
  publisher = {CRC Press}
}
@InCollection{bib:openglinsightstransfer,
  author = {Ladislav Hrabcak and Arnaud Masserann},
  title = {Asynchrounous Buffer Transfers},
  booktitle = {{O}pen{GL} {I}nsights},
  pages = {391-414},
  editor = {Patrick Cozzi and Christophe Riccio},
  month = {July},
  year = {2012},
  isbn = {978-1439893760},
  publisher = {CRC Press}
} 

@inproceedings{bib:clusturedshading,
	 author = {Olsson, Ola and Billeter, Markus and Assarsson, Ulf},
	 title = {Clustered Deferred and Forward Shading},
	 booktitle = {HPG '12: Proceedings of the Conference on High 
		Performance Graphics 2012},
	 year = {2012},
	 location = {Paris, France}
}


@inproceedings{bib:virtualshadowmaps,
 author = {Ola Olsson and Erik Sintorn and Viktor Kämpe and Markus Billeter and Ulf Assarsson},
 title = {Implementing Efficient Virtual Shadow Maps for Many Lights},
 booktitle = {SIGGRAPH '14: ACM SIGGRAPH 2014 Talks},
 year = {2014},
 location = {Vancouver, Canada},
 publisher = {ACM},
 address = {New York, NY, USA}
}

@book{bib:realtimeshadowsbook,
  title={Real-time shadows},
  author={Eisemann, Elmar and Schwarz, Michael and Assarsson, Ulf and Wimmer, Michael},
  year={2011},
  publisher={CRC Press}
}

@article{bib:radiancecaching,
  title={Radiance caching for efficient global illumination computation},
  author={Krivanek, Jaroslav and Gautron, Pascal and Pattanaik, Sumanta and Bouatouch, Kadi},
  journal={Visualization and Computer Graphics, IEEE Transactions on},
  volume={11},
  number={5},
  pages={550--561},
  year={2005},
  publisher={IEEE}
}

@inproceedings{bib:irradiancecaching,
	author = {Ward, Gregory J. and Rubinstein, Francis M. and Clear, Robert D.},
	title = {A Ray Tracing Solution for Diffuse Interreflection},
	booktitle = {Proceedings of the 15th Annual Conference on Computer Graphics and Interactive Techniques},
	series = {SIGGRAPH '88},
	year = {1988},
	isbn = {0-89791-275-6},
	pages = {85--92},
	numpages = {8},
} 

@article{bib:preconvoledradiancecaching,
   author  = {Daniel Scherzer and 
              Chuong H. Nguyen and
              Tobias Ritschel and              
              Hans-Peter Seidel},
   title   = {{Pre-convolved Radiance Caching}},
   journal = {Computer Graphics Forum (Proc. EGSR 2012)},
   volume  = 4,
   number  = 31,
   year    = {2012}
}
@inproceedings{bib:clusteredpreconvoledradiancecaching,
	author = {Hauke Rehfeld and Tobias Zirr and Carsten Dachsbacher},
	title = {Clustered Pre-convolved Radiance Caching},
	booktitle = {Proceedings of Eurographics Symposium on Parallel Graphics and Visualization},
	series = {EGPGV14},
	year = {2014},
	publisher = {Eurographics Association}
}

@inproceedings{bib:manylightssurvey2014,
	author = {Carsten Dachsbacher and Jaroslav K{\v{r}}iv{\'a}nek and Milo{\v{s}} Ha{\v{s}}an and Adam Arbree and Bruce Walter and Jan Nov{\'a}k},
	title = {{Scalable Realistic Rendering with Many-Light Methods}},
	booktitle = {Eurographics 2013 -- State of the Art Reports},
	pages = {23--38},
	URL = {http://diglib.eg.org/EG/DL/conf/EG2013/stars/023-038.pdf},
	DOI = {10.2312/conf/EG2013/stars/023-038},
	year = {2013},
	issn = {1017-4656},
	address = {Girona, Spain},
	publisher = {Eurographics Association}
}

@inproceedings{bib:radiancehints,
  title={Real-time diffuse global illumination using radiance hints},
  author={Papaioannou, Georgios},
  booktitle={Proceedings of the ACM SIGGRAPH Symposium on High Performance Graphics},
  pages={15--24},
  year={2011},
  organization={ACM}
}

@article{bib:imperfectshadowmaps,
   author  = {Tobias Ritschel and 
              Thorsten Grosch and 
              Min H. Kim and 
              Hans-Peter Seidel and 
              Carsten Dachsbacher and 
              Jan Kautz},
   title   = {{Imperfect Shadow Maps for Efficient Computation of Indirect Illumination}},
   journal = {ACM Trans. Graph. (Proc. of SIGGRAPH ASIA 2008)},
   volume  = 27,
   number  = 5,
   year    = {2008}
}
@inproceedings{bib:imperfectshadowmaps:adapative,
  title={Making Imperfect Shadow Maps View-Adaptive: High-Quality Global Illumination in Large Dynamic Scenes},
  author={Ritschel, Tobias and Eisemann, Elmar and Ha, Inwoo and Kim, James DK and Seidel, Hans-Peter},
  booktitle={Computer Graphics Forum},
  volume={30},
  number={8},
  pages={2258--2269},
  year={2011}
}

@inproceedings{bib:reflectiveshadowmaps,
 author = {Dachsbacher, Carsten and Stamminger, Marc},
 title = {Reflective Shadow Maps},
 booktitle = {Proceedings of the 2005 Symposium on Interactive 3D Graphics and Games},
 series = {I3D '05},
 year = {2005},
 isbn = {1-59593-013-2},
 location = {Washington, District of Columbia},
 pages = {203--231},
 numpages = {29},
 url = {http://doi.acm.org/10.1145/1053427.1053460},
 doi = {10.1145/1053427.1053460},
 acmid = {1053460},
 publisher = {ACM},
 address = {New York, NY, USA},
 keywords = {hardware-assisted rendering, indirect illumination},
} 

@inproceedings {bib:LightskinPaper,
booktitle = {Joint Virtual Reality Conference of EGVE - EuroVR},
editor = {Betty Mohler and Bruno Raffin and Hideo Saito and Oliver Staadt},
title = {{LightSkin: Real-Time Global Illumination for Virtual and Mixed Reality}},
author = {Lensing, Philipp and Broll, Wolfgang},
year = {2013},
publisher = {The Eurographics Association},
ISSN = {1727-530X},
ISBN = {978-3-905674-47-7},
DOI = {10.2312/EGVE.JVRC13.017-024}
}
@phdthesis{bib:lightskinthesis,
  author       = {Philipp Lensing}, 
  title        = {LightSkin: Globale Echtzeitbeleuchtung für Virtual und Augmented Reality},
  school       = {TU Illmenau},
  year         = {2014},
  month        = {7},
}

@book{bib:RealtimeRenderingBook,
 author = {Tomas Akenine-M\"{o}ller and Eric Haines and Natty Hoffman},
 title = {Real-Time Rendering 3rd Edition},
 year = {2008},
 pages = {1045},
 isbn = {987-1-56881-424-7},
 publisher = {A. K. Peters, Ltd.},
 address = {Natick, MA, USA},
}

@article{bib:RealtimeGIOverview,
 author = {Ritschel, Tobias and Dachsbacher, Carsten and Grosch, Thorsten and Kautz, Jan},
 title = {The State of the Art in Interactive Global Illumination},
 journal = {Comput. Graph. Forum},
 issue_date = {February 2012},
 volume = {31},
 number = {1},
 month = feb,
 year = {2012},
 issn = {0167-7055},
 pages = {160--188},
 numpages = {29},
 url = {http://dx.doi.org/10.1111/j.1467-8659.2012.02093.x},
 doi = {10.1111/j.1467-8659.2012.02093.x},
 acmid = {2283310},
 publisher = {Elsevier North-Holland, Inc.},
 address = {Amsterdam, The Netherlands, The Netherlands},
 keywords = {Colour, shading, shadowing, and texture/Radiosity/Raytracing, I.3.7 [Computer Graphics]: Three-Dimensional Graphics and Realism:, global illumination, image synthesis, interactive rendering, photon mapping, radiosity, ray tracing, real-time rendering, volume rendering},
}

@inproceedings{bib:HL3Basis,
 author = {Mitchell, Jason and McTaggart, Gary and Green, Chris},
 title = {{S}hading in {V}alve's {S}ource {E}ngine},
 booktitle = {ACM SIGGRAPH 2006 Courses},
 series = {SIGGRAPH '06},
 year = {2006},
 isbn = {1-59593-364-6},
 location = {Boston, Massachusetts},
 pages = {129--142},
 numpages = {14}
} 

@inproceedings{bib:stupidsh,
  title={Stupid spherical harmonics (sh) tricks},
  author={Sloan, Peter-Pike},
  booktitle={Game Developers Conference},
  volume={2008}
}

@inproceedings{bib:grittysh,
  title={Spherical harmonic lighting: The gritty details},
  author={Green, Robin},
  booktitle={Archives of the Game Developers Conference},
  volume={2},
  number={3},
  pages={2-3},
  year={2003}
}

@inproceedings{bib:lpt,
 author = {Kaplanyan, Anton and Dachsbacher, Carsten},
 title = {Cascaded Light Propagation Volumes for Real-time Indirect Illumination},
 booktitle = {Proceedings of the 2010 ACM SIGGRAPH Symposium on Interactive 3D Graphics and Games},
 series = {I3D '10},
 year = {2010},
 isbn = {978-1-60558-939-8},
 location = {Washington, D.C.},
 pages = {99-107},
 numpages = {9},
}

@book{bib:pbrt,
 author = {Pharr, Matt and Humphreys, Greg},
 title = {Physically Based Rendering, Second Edition: From Theory To Implementation},
 year = {2010},
 isbn = {0123750792, 9780123750792},
 edition = {2nd},
 publisher = {Morgan Kaufmann Publishers Inc.},
 address = {San Francisco, CA, USA},
}

@inproceedings{bib:blinnphongbrdf,
 author = {Blinn, James F.},
 title = {Models of Light Reflection for Computer Synthesized Pictures},
 booktitle = {Proceedings of the 4th Annual Conference on Computer Graphics and Interactive Techniques},
 series = {SIGGRAPH '77},
 year = {1977},
 location = {San Jose, California},
 pages = {192-198},
 numpages = {7}
} 

@article{bib:concentricmaps,
 author = {Shirley, Peter and Chiu, Kenneth},
 title = {A Low Distortion Map Between Disk and Square},
 journal = {J. Graph. Tools},
 issue_date = {1997},
 volume = {2},
 number = {3},
 month = dec,
 year = {1997},
 issn = {1086-7651},
 pages = {45--52},
 numpages = {8},
}

@techreport{bib:envmipmap,
 author = {Morgan McGuire and Daniel Evangelakos and James Wilcox and Sam Donow and Michael Mara},
 title = {Plausible {B}linn-{P}hong Reflection of Standard Cube {MIP}-Maps},
 number = {CSTR201301},
 insititution = {Williams College Department of Computer Science},
 pages = {8},
 address = {47 Lab Campus Drive, Williamstown, MA 01267, USA},
 month = {September},
 day={9},
 year = {2013},
}

@inproceedings{bib:mipmap,
  title={Pyramidal parametrics},
  author={Williams, Lance},
  booktitle={ACM Siggraph Computer Graphics},
  volume={17},
  number={3},
  pages={1--11},
  year={1983},
  organization={ACM}
}

@article{bib:voxelconetracing,
   author       = "Crassin, Cyril and Neyret, Fabrice and Sainz, Miguel and Green, Simon and Eisemann, Elmar",
   title        = "Interactive Indirect Illumination Using Voxel Cone Tracing",
   journal      = "Computer Graphics Forum (Proceedings of Pacific Graphics 2011)",
   number       = "7",
   volume       = "30",
   month        = "sep",
   year         = "2011",
   keywords     = "Global illumination, indirect lighting, ambient occlusion, final gather, cone-tracing, voxels, GPU, real-time rendering",
}
@inproceedings{bib:layeredrsm,
  author  = {Masamichi Sugihara and Randall Rauwendaal and Marco Salvi},
  title   = {Layered Reflective Shadow Maps for Voxel-based Indirect Illumination},  
  pages   = {117--125},
  year    = {2014},
  DOI     = {10.2312/hpg.20141100},
  journal = {Proceedings of High Performance Graphics 2014},
}

@inproceedings{bib:vsm,
 author = {Donnelly, William and Lauritzen, Andrew},
 title = {Variance Shadow Maps},
 booktitle = {Proceedings of the 2006 Symposium on Interactive 3D Graphics and Games},
 series = {I3D '06},
 year = {2006},
 isbn = {1-59593-295-X},
 location = {Redwood City, California},
 pages = {161--165},
 numpages = {5},
}

@book{bib:colorscience,
  title={Color science: concepts and methods, quantitative data and formulae},
  author={Wyszecki, G. and Stiles, W.S.},
  isbn={9780471021063},
  lccn={82002794},
  series={Wiley classics library},
  year={1982},
  publisher={Wiley}
}

@article{bib:spectrumrendering,
  title = {Physically Meaningful Rendering using Tristimulus Colours},
  author = {Johannes Meng and Florian Simon and Johannes Hanika and Carsten Dachsbacher},
  year = 2015,
  month = June,
  volume = 34,
  number = 4,
  journal = {Computer Graphics Forum (Proceedings of Eurographics Symposium on Rendering)},
  pages = {to appear}
}

@inproceedings{bib:renderingequation,
 author = {Kajiya, James T.},
 title = {The Rendering Equation},
 booktitle = {Proceedings of the 13th Annual Conference on Computer Graphics and Interactive Techniques},
 series = {SIGGRAPH '86},
 year = {1986},
 isbn = {0-89791-196-2},
 pages = {143--150},
 numpages = {8}
} 

@inproceedings{bib:shadowmapping,
 author = {Williams, Lance},
 title = {Casting Curved Shadows on Curved Surfaces},
 booktitle = {Proceedings of the 5th Annual Conference on Computer Graphics and Interactive Techniques},
 series = {SIGGRAPH '78},
 year = {1978},
 pages = {270--274},
 numpages = {5}
} 

@misc{bib:normaloffsetshadowmapping,
 author = {Daniel Holbert},
 institution = {High Moon Studios},
 title = {Saying "Goodbye" to Shadow Acne},
 year = {2011},
 note = {Poster presented at Games Developer Conference, San Fransisco}
} 

@manual{bib:openglspec,
 organization = {Khronos Group},
 title = {Open{G}{L} 4.5 Core Profile Specification},
 year = {2014},
 url = {https://www.opengl.org/registry/doc/glspec45.core.pdf}
} 

@manual{bib:openglquickref,
 organization = {Khronos Group},
 title = {Open{G}{L} 4.5 Quick Reference Card},
 year = {2014},
 url = {https://www.khronos.org/files/opengl45-quick-reference-card.pdf}
} 

@manual{bib:cudaprogguide,
 organization = {Nvidia},
 title = {CUDA Programming Guide v7.0},
 year = {2015},
 url = {http://docs.nvidia.com/cuda/cuda-c-programming-guide/}
} 
@manual{bib:nvconservativeraster,
 title = {NV_conservative_raster OpenGL Extension},
 author = {Michael Chock},
 organization = {Nvidia},
 year = {2015},
 month = {3},
 url = {https://www.opengl.org/registry/specs/NV/conservative_raster.txt},
} 

@manual{bib:amdhardwaredoc,
 organization = {AMD},
 title = {Developer Guides, Manuals \& ISA Documents},
 year = {2015},
 url = {http://developer.amd.com/resources/documentation-articles/developer-guides-manuals/ }
}
@manual{bib:intelhardwaredoc,
 organization = {Intel},
 title = {Developer Documents for Intel® Processor Graphics},
 year = {2015},
 url = {https://software.intel.com/en-us/articles/intel-graphics-developers-guides }
}
@manual{bib:amdoccupancy,
 organization = {AMD},
 title = {APP Profiler Kernel Occupancy},
 year = {2015},
 url = {http://developer.amd.com/tools-and-sdks/archive/amd-app-profiler/user-guide/app-profiler-kernel-occupancy/}
}
@misc{bib:tripthroughgraphicspipe,
 author = {Fabian Giesen},
 title = {A trip through the Graphics Pipeline},
 year = {2011},
 url = {https://fgiesen.wordpress.com/2011/07/09/a-trip-through-the-graphics-pipeline-2011-index/}
}

@article{bib:voxelgi,
  title={Voxel-based Global Illumination}, 
  url={http://www.rendering.ovgu.de/rendering_media/downloads/publications/VoxelGI.pdf}, 
  journal={Symposium on Interactive 3D Graphics and Games}, 
  publisher={ACM Press}, 
  author={Thiedemann, Sinje and Henrich, Niklas and Grosch, Thorsten and M{\"u}ller, Stefan}, 
  year={2011}, 
  pages={103-110}
}

@misc{bib:oculushighfps,
 author = {Shaun Prescott},
 organization = {PC Gamer},
 title = {Oculus founder Palmer Luckey thinks 30 frames per second is 'a failure'},
 year = {2014},
 month = {June},
 url = {http://www.pcgamer.com/oculus-founder-palmer-luckey-thinks-30-frames-per-second-is-a-failure/}
}

@inproceedings{bib:shooterfps,
  title={The effects of frame rate and resolution on users playing first person shooter games},
  author={Claypool, Mark and Claypool, Kajal and Damaa, Feissal},
  booktitle={Electronic Imaging 2006},
  pages={607101--607101},
  year={2006},
  organization={International Society for Optics and Photonics}
}

@incollection{bib:biascomp:kk04,
  title={Illumination in the presence of weak singularities},
  author={Kollig, Thomas and Keller, Alexander},
  booktitle={Monte Carlo and Quasi-Monte Carlo Methods 2004},
  pages={245--257},
  year={2004},
  publisher={Springer}
}
@inproceedings{bib:biascomp:novak11,
  title={Screen-space bias compensation for interactive high-quality global illumination with virtual point lights},
  author={Nov{\'a}k, Jan and Engelhardt, Thomas and Dachsbacher, Carsten},
  booktitle={Symposium on Interactive 3D Graphics and Games},
  pages={119--124},
  year={2011}
}

@inproceedings{bib:biascomp:vsl,
  title={Virtual spherical lights for many-light rendering of glossy scenes},
  author={Ha{\v{s}}an, Milo{\v{s}} and K{\v{r}}iv{\'a}nek, Jaroslav and Walter, Bruce and Bala, Kavita},
  booktitle={ACM Transactions on Graphics (TOG)},
  volume={28},
  number={5},
  pages={143},
  year={2009}
}

@article{bib:manylods,
  author = {Matthias Holländer and Tobias Ritschel and Elmar Eisemann and Tamy Boubekeur},
  title = {ManyLoDs: Parallel Many-View Level-of-Detail Selection for Real-Time Global Illumination},
  journal ={Computer Graphics Forum (Proc. EGSR 2011)},
  year = {2011},
} 

@article{bib:microrendering,
   author    = {Tobias Ritschel and
                Thomas Engelhardt and   
                Thorsten Grosch and                
                Hans-Peter Seidel and
                Jan Kautz and
                Carsten Dachsbacher
               },
   title     = {Micro-Rendering for Scalable, Parallel Final Gathering},
   journal   = {ACM Trans. Graph. (Proc. SIGGRAPH Asia 2009)},
   year      = {2009},
   volume    = {28},
   number    = {5}
}

@article{bib:radiancecachechromaticcompression,
   author  = {Kostas Vardis and Georgios Papaioannou and Anastasios Gkaravelis},
   title   = {Real-time Radiance Caching using Chrominance Compression},
   year    = {2014},
   month   = {December},
   day     = {16},
   journal = {Journal of Computer Graphics Techniques (JCGT)},
   volume  = {3},
   number  = {4},
   pages   = {111--131},
   url     = {http://jcgt.org/published/0003/04/06/},
   issn    = {2331-7418}
}          

@incollection{bib:rasterizedvbgi,
	author = {Hawar Doghramachi},
	title = {Rasterized Voxel-Based Dynamic Global Illumination},
	booktitle = {GPU Pro 4},
	editor = {Wolfgang Engel},
	publisher = {CRC Press},
	year = {2013},
	pages = {155--171}
}

@article{bib:irradiancevolume,
  title={The irradiance volume},
  author={Greger, Gene and Shirley, Peter and Hubbard, Philip M and Greenberg, Donald P},
  journal={Computer Graphics and Applications, IEEE},
  volume={18},
  number={2},
  pages={32--43},
  year={1998},
  publisher={IEEE}
}

@article{bib:nijasure:rtirradiancevol,
  title={Real-time global illumination on gpus},
  author={Nijasure, Mangesh and Pattanaik, Sumanta and Goel, Vineet},
  journal={journal of graphics, gpu, and game tools},
  volume={10},
  number={2},
  pages={55--71},
  year={2005},
  publisher={Taylor \& Francis}
}

@inproceedings{bib:instantradiosity,
 author = {Keller, Alexander},
 title = {Instant Radiosity},
 booktitle = {Proceedings of the 24th Annual Conference on Computer Graphics and Interactive Techniques},
 series = {SIGGRAPH '97},
 year = {1997},
 isbn = {0-89791-896-7},
 pages = {49--56},
 numpages = {8},
}

@inproceedings{bib:clusturedvisiblity:dong,
  title={Real-time Indirect Illumination with Clustered Visibility.},
  author={Dong, Zhao and Grosch, Thorsten and Ritschel, Tobias and Kautz, Jan and Seidel, Hans-Peter},
  booktitle={VMV},
  pages={187--196},
  year={2009}
}
@inproceedings{bib:clusturedvisiblity:prutkin,
  title={Reflective Shadow Map Clustering for Real-Time Global Illumination.},
  author={Prutkin, Roman and Kaplanyan, Anton and Dachsbacher, Carsten},
  booktitle={Eurographics (Short Papers)},
  pages={9--12},
  year={2012}
}

@ARTICLE{bib:fangvoxelization,
    author = {Shiaofen Fang and Hongsheng Chen},
    title = {Hardware Accelerated Voxelization},
    journal = {Computers and Graphics},
    year = {2000},
    volume = {24},
    number={3},
    pages = {433--442}
}
@inproceedings{bib:eisemann:solidvox,
 author = {Eisemann, Elmar and D{\'e}coret, Xavier},
 title = {Single-pass GPU Solid Voxelization for Real-time Applications},
 booktitle = {Proceedings of Graphics Interface 2008},
 series = {GI '08},
 year = {2008},
 isbn = {978-1-56881-423-0},
 location = {Windsor, Ontario, Canada},
 pages = {73--80},
 numpages = {8},
} 
@InProceedings\{bib:eisemann:boundaryvox,
  author       = "Eisemann, Elmar and D\'ecoret, Xavier",
  title        = "Fast Scene Voxelization and Applications",
  booktitle    = "ACM SIGGRAPH Symposium on Interactive 3D Graphics and Games",
  pages        = "71-78",
  year         = "2006",
  publisher    = "ACM SIGGRAPH",
  url          = "http://maverick.inria.fr/Publications/2006/ED06"
}

@inproceedings{bib:dong:voxelization
 author = {Dong, Zhao and Chen, Wei and Bao, Hujun and Zhang, Hongxin and Peng, Qunsheng},
 title = {Real-time Voxelization for Complex Polygonal Models},
 booktitle = {Proceedings of the Computer Graphics and Applications, 12th Pacific Conference},
 series = {PG 04},
 year = {2004},
 isbn = {0-7695-2234-3},
 pages = {43-50},
 numpages = {8},
} 

